<?xml version="1.0" encoding="UTF-8"?><record xmlns="http://www.loc.gov/MARC21/slim" xmlns:cinclude="http://apache.org/cocoon/include/1.0" xmlns:zs="http://www.loc.gov/zing/srw/">
  <leader>00500nz  a2200157n  4500</leader>
  <controlfield tag="001">nb2010029279</controlfield>
  <controlfield tag="003">DLC</controlfield>
  <controlfield tag="005">20101105072659.0</controlfield>
  <controlfield tag="008">101103n| acannaabn          |n ana      </controlfield>
  <datafield tag="010" ind1=" " ind2=" ">
    <subfield code="a">nb2010029279</subfield>
  </datafield>
  <datafield tag="035" ind1=" " ind2=" ">
    <subfield code="a">(Uk)007965164</subfield>
  </datafield>
  <datafield tag="040" ind1=" " ind2=" ">
    <subfield code="a">Uk</subfield>
    <subfield code="b">eng</subfield>
    <subfield code="c">Uk</subfield>
  </datafield>
  <datafield tag="151" ind1=" " ind2=" ">
    <subfield code="a">Uley (England)</subfield>
  </datafield>
  <datafield tag="670" ind1=" " ind2=" ">
    <subfield code="a">Uley, Dursley &amp; Cam through time, 2008</subfield>
  </datafield>
  <datafield tag="670" ind1=" " ind2=" ">
    <subfield code="a">Ord. Sur. gaz. GB, 1992</subfield>
    <subfield code="b">(Uley, Glos.; 51°41.1ʹN, 2°18.7ʹW)</subfield>
  </datafield>
  <datafield tag="670" ind1=" " ind2=" ">
    <subfield code="a">Collins Brit. atlas &amp; gaz., c1999</subfield>
    <subfield code="b">(Uley, Glos.; village; 2mi./3km. E of Dursley)</subfield>
  </datafield>
</record>